@article{pycuda_1,
    author={Klöckner, Andreas, Nicolas Pinto, Bryan Catanzaro, Yunsup Lee, Paul Ivanov, and Ahmed Fasih},
    title={GPU Scripting and Code Generation with PyCUDA},
    journal={GPU Computing Gems Jade Edition},
    year=2012,
    pages={373-385}
}

@article{pycuda_2,
    author={Klöckner, Andreas, Nicolas Pinto, Bryan Catanzaro, Yunsup Lee, Paul Ivanov, and Ahmed Fasih},
    title={PyCUDA and PyOpenCL: A Scripting-based Approach to GPU Run-time Code Generation},
    journal={Parallel Computing},
    year=2012,
    pages={157-174}
}

@misc{liam,
    author={Kostan, William B., Sean P. Kirby, and Arthur J. Lembo},
    title={Geographic Information Systems: High Performance Computing with CUDA},
}

@article{huang,
    author={Huang, Fang, Dingsheng Liu, Xicheng Tan, Jian Wang, Yunping Chen, and Binbin He},
    title={Explorations of the Implementation of a Parallel IDW Interpolation Algorithm in a Linux Cluster-based Parallel GIS},
    journal={Computers \& Geosciences},
    year=2011,
    pages={426-434}
}

@book{healy,
    author={Healey, Richard G.},
    title={Parallel Processing Algorithms for GIS},
    publisher={Taylor \& Francis},
    year=1998
}

@article{guan,
    author={Qingfeng Guan, and Keith C. Clarke},
    title={A General-purpose Parallel Raster Processing Programming Library Test Application Using a Geographic Cellular Automata Model},
    journal={International Journal of Geographical Information Science},
    year=2010,
    pages={695-722}
}

@article{benedicic,
    author={Lucas Benedičič, Felipe A. Cruz, Tsuyoshi Hamada, and Peter Korošec},
    title={A GRASS GIS Parallel Module for Radio-propagation Predictions},
    journal={International Journal of Geographical Information Science},
    year=2014,
    pages={799-823}
}
