@article{pycuda_1,
    author={Andreas Kl\"{o}ckner and Nicolas Pinto and Bryan Catanzaro and Yunsup Lee and Paul Ivanov and Ahmed Fasih},
    title={GPU Scripting and Code Generation with PyCUDA},
    journal={GPU Computing Gems Jade Edition},
    year=2012,
    pages={373-385}
}

@article{pycuda_2,
    author={Andreas Kl\"{o}ckner and Nicolas Pinto, Bryan Catanzaro and Yunsup Lee and Paul Ivanov and Ahmed Fasih},
    title={PyCUDA and PyOpenCL: A Scripting-based Approach to GPU Run-time Code Generation},
    journal={Parallel Computing},
    year=2012,
    pages={157-174}
}

@article{hpc_cuda,
    author={Sean P. Kirby and William B. Kostan and Arthur J. Lembo},
    title={High Performance Desktop Computing with Video Gaming Cards: Parallelizing Raster Based Functions in GIS},
    year=2013
}

@article{huang,
    author={Fang Huang and Dingsheng Liu and Xicheng Tan and Jian Wang and Yunping Chen and Binbin He},
    title={Explorations of the Implementation of a Parallel IDW Interpolation Algorithm in a Linux Cluster-based Parallel GIS},
    journal={Computers \& Geosciences},
    year=2011,
    pages={426-434}
}

@book{healy,
    author={Richard G. Healey},
    title={Parallel Processing Algorithms for GIS},
    publisher={Taylor \& Francis},
    year=1998
}

@article{guan,
    author={Qingfeng Guan and Keith C. Clarke},
    title={A General-purpose Parallel Raster Processing Programming Library Test Application Using a Geographic Cellular Automata Model},
    journal={International Journal of Geographical Information Science},
    year=2010,
    pages={695-722}
}

@article{benedicic,
    author={Lucas Benedičič and Felipe A. Cruz and Tsuyoshi Hamada and Peter Korošec},
    title={A GRASS GIS Parallel Module for Radio-propagation Predictions},
    journal={International Journal of Geographical Information Science},
    year=2014,
    pages={799-823}
}

@misc{grid_stride,
    author={Mark Harris},
    title={CUDA Pro Tip: Write Flexible Kernels with Grid-Stride Loops},
    howpublished={\url{https://devblogs.nvidia.com/parallelforall/cuda-pro-tip-write-flexible-kernels-grid-stride-loops/}},
    year=2013
}

@article{Tabik,
    author={S. Tabik and A. Villegas and E. L. Zapata and L. F. Romero},
    title={A Fast GIS-tool to Compute the Maximum Solar Energy on Very Large Terrains},
    journal={Procedia Computer Science},
    year=2012,
    pages={364-372}
}

@article{Xu,
    author={Kefu Xu and Wenke Cui and Yue Hu and Li Guo},
    title={Bit-Parallel multiple approximate string matching based on GPU},
    journal={Procedia Computer Science},
    year=2013,
    pages={523-529}
}

@article{Cheng,
    author={Guo Cheng and Lu Liu and Ning Jing and Luo Chen and Wei Xiong},
    title={General-purpose optimization methods for parallelization of digital terrain analysis based on cellular automata},
    journal={Computers \& Geosciences},
    year=2012,
    pages={57-67}
}

@article{Shi,
    author={Xuan Shi and Chenggang Lai and Miaoqing Huang and Haihang You},
    title={Geocomputation over the Emerging Heterogeneous Computing Infrastructure},
    journal={Transactions in GIS},
    year=2014,
    pages={3-24}
}

@article{Yang,
    author={Po Yang and Gordan Clapworthy and Feng Dong and Valeriu Codreanu and David Williams and Baoquan Liu and Jos BTM Roerdink and Zhikun Deng},
    title={GSWO: A programming model for GPU-enabled parallelization of sliding window operations in image processing},
    journal={Signal Processing: Image Communication},
    year=2016,
    pages={332-345}
}

@article{Zhang,
    author={Jianting Zhang and Simin You},
    title={High-performance quadtree constructions on large-scale geospatial rasters using GPGPU parallel primitives},
    journal={International Journal of Geographical Information Science},
    year=2013,
    pages={22017-2226}
}

@article{Saha,
    author={Mr. Diptarup Saha and Mr. Karan Darji and Dr. Narendra Patel and Dr. Darshak Thakore},
    title={Implementation of Image Enhancement Algorithms and Recursive Ray Tracing using CUDA},
    journal={Procedia Computer Science},
    year=2016,
    pages={516-524}
}

@article{Martínez-Frutos,
    author={Jesús Martínez-Frutos and David Herrero-Pérez},
    title={Large-scale robust topology optimization using multi-GPU systems},
    journal={Computer Methods in Applied Mechanics and Engineering},
    year=2016,
    pages={393-414}
}

@article{Wadbro,
    author={Eddie Wadbro and Martin Berggren},
    title={Megapixel Topology Optimization on a Graphics Processing Unit},
    journal={SIAM Review},
    year=2009,
    pages={707-721}
}

@article{Gaurav,
    author={Gaurav and Steven F. Wojtkiewicz},
    title={Use of GPU computing for uncertainty qualification in computational mechanics: A case study},
    journal={Scientific Programming},
    year=2011,
    pages={199-212}
}
